<record><leader>00000cas a22000007a 4500</leader><controlfield tag="001">21052252</controlfield><controlfield tag="008">900212c19439999moudn ne      0   a0eng d</controlfield><datafield ind1=" " ind2=" " tag="010"><subfield code="a">sn 90061174 </subfield></datafield><datafield ind1=" " ind2=" " tag="040"><subfield code="a">MQN</subfield><subfield code="b">eng</subfield><subfield code="c">MQN</subfield><subfield code="d">NSD</subfield><subfield code="d">OCL</subfield><subfield code="d">OCLCQ</subfield></datafield><datafield ind1=" " ind2=" " tag="012"><subfield code="m">1</subfield></datafield><datafield ind1="1" ind2=" " tag="022"><subfield code="a">1056-3555</subfield><subfield code="l">1056-3555</subfield><subfield code="2">1</subfield></datafield><datafield ind1=" " ind2=" " tag="032"><subfield code="a">595980</subfield><subfield code="b">USPS</subfield></datafield><datafield ind1=" " ind2=" " tag="037"><subfield code="b">Nevada Daily Mail, 131 S. Cedar, Nev., MO 64772</subfield></datafield><datafield ind1=" " ind2=" " tag="042"><subfield code="a">msc</subfield><subfield code="a">nsdp</subfield></datafield><datafield ind1="0" ind2=" " tag="130"><subfield code="a">Nevada daily mail (Nevada, Mo. : 1943)</subfield></datafield><datafield ind1=" " ind2="0" tag="222"><subfield code="a">Nevada daily mail</subfield><subfield code="b">(1943)</subfield></datafield><datafield ind1="1" ind2="4" tag="245"><subfield code="a">The Nevada daily mail.</subfield></datafield><datafield ind1=" " ind2=" " tag="260"><subfield code="a">Nevada, Mo. :</subfield><subfield code="b">Nevada Pub. Co.,</subfield><subfield code="c">1943-</subfield></datafield><datafield ind1=" " ind2=" " tag="300"><subfield code="a">v.</subfield></datafield><datafield ind1=" " ind2=" " tag="310"><subfield code="a">Daily (Tue.-Fri.),</subfield><subfield code="b">&lt;Mar. 29, 1991-&gt;</subfield></datafield><datafield ind1=" " ind2=" " tag="321"><subfield code="a">Daily (Mon.-Fri.),</subfield><subfield code="b">1943-</subfield></datafield><datafield ind1="0" ind2=" " tag="362"><subfield code="a">Vol. 61, no. 8 (Nov. 27, 1943)-</subfield></datafield><datafield ind1=" " ind2=" " tag="588"><subfield code="a">Latest issue consulted: 108th year, no. 185 (Friday, Mar. 29, 1991).</subfield></datafield><datafield ind1=" " ind2=" " tag="752"><subfield code="a">United States</subfield><subfield code="b">Missouri</subfield><subfield code="c">Vernon</subfield><subfield code="d">Nevada.</subfield></datafield><datafield ind1="0" ind2=" " tag="775"><subfield code="t">Southwest mail and the weekly post</subfield><subfield code="w">(DLC)sn 90061177</subfield></datafield><datafield ind1="0" ind2="5" tag="780"><subfield code="t">Schell City news</subfield><subfield code="w">(DLC)sn 86063971</subfield></datafield></record>